<?xml version="1.0" encoding="UTF-8"?><collection xmlns="http://www.loc.gov/MARC21/slim"><record><leader>00405nam--2200133-i-4500</leader><controlfield tag="001">000005350</controlfield><controlfield tag="002">20161230</controlfield><controlfield tag="005">20161230201026</controlfield><controlfield tag="008">060222s1000------------r-----000-0-eng-d</controlfield><datafield ind1=" " ind2=" " tag="080"><subfield code="a">801.323.1+803.0+800.935:53(038)</subfield></datafield><datafield ind1=" " ind2=" " tag="100"><subfield code="a">Beier, W., Dorner, E., Lukas, O</subfield></datafield><datafield ind1=" " ind2=" " tag="245"><subfield code="a">Kleines lexikon der wichtigsten physikalischen begriffe und gesetze</subfield></datafield><datafield ind1=" " ind2=" " tag="260"><subfield code="a">Leipzig, Veb Georg Thieme, 1960 172 P</subfield></datafield><datafield ind1=" " ind2=" " tag="852"><subfield code="a">D.202</subfield></datafield></record></collection>